<?xml version="1.0" encoding="UTF-8"?><record xmlns="http://www.loc.gov/MARC21/slim" xmlns:cinclude="http://apache.org/cocoon/include/1.0" xmlns:zs="http://www.loc.gov/zing/srw/">
  <leader>00886cz  a2200193n  4500</leader>
  <controlfield tag="001">n  97015615 </controlfield>
  <controlfield tag="003">DLC</controlfield>
  <controlfield tag="005">20150409161406.0</controlfield>
  <controlfield tag="008">970213n| azannaab           |b aaa      </controlfield>
  <datafield tag="010" ind1=" " ind2=" ">
    <subfield code="a">n  97015615 </subfield>
    <subfield code="z">n 2015018469</subfield>
  </datafield>
  <datafield tag="040" ind1=" " ind2=" ">
    <subfield code="a">DLC</subfield>
    <subfield code="b">eng</subfield>
    <subfield code="e">rda</subfield>
    <subfield code="c">DLC</subfield>
    <subfield code="d">DLC</subfield>
  </datafield>
  <datafield tag="100" ind1="0" ind2=" ">
    <subfield code="a">Joseph Ḥayyim ben Elijah al-Ḥakam,</subfield>
    <subfield code="d">approximately 1834-1909.</subfield>
    <subfield code="t">Ben ish ḥai (Halakhot)</subfield>
  </datafield>
  <datafield tag="400" ind1="0" ind2=" ">
    <subfield code="a">Joseph Ḥayyim ben Elijah al-Ḥakam,</subfield>
    <subfield code="d">ca. 1834-1909.</subfield>
    <subfield code="t">Ben ish ḥai</subfield>
  </datafield>
  <datafield tag="400" ind1="0" ind2=" ">
    <subfield code="a">Joseph Ḥayyim ben Elijah al-Ḥakam,</subfield>
    <subfield code="d">ca. 1834-1909.</subfield>
    <subfield code="t">בן איש חי</subfield>
  </datafield>
  <datafield tag="400" ind1="0" ind2=" ">
    <subfield code="a">Joseph Ḥayyim ben Elijah al-Ḥakam,</subfield>
    <subfield code="d">approximately 1834-1909.</subfield>
    <subfield code="t">Sefer Ben ish ḥai</subfield>
  </datafield>
  <datafield tag="667" ind1=" " ind2=" ">
    <subfield code="a">Non-Latin script reference not evaluated.</subfield>
  </datafield>
  <datafield tag="670" ind1=" " ind2=" ">
    <subfield code="a">Sefer Ben ish ḥai, 1986:</subfield>
    <subfield code="b">t.p. (ḥeleḳ ha-Halakhot)</subfield>
  </datafield>
  <datafield tag="670" ind1=" " ind2=" ">
    <subfield code="a">בן איש חי = Ben Ish ḥai:</subfield>
    <subfield code="b">(halakhot)</subfield>
  </datafield>
  <datafield tag="670" ind1=" " ind2=" ">
    <subfield code="a">ספר בן איש חי = Sefer Ben ish ḥai, January 2014.</subfield>
  </datafield>
</record>